@misc{ wiki:lstm,
author = "Wikimedia Commons",
title = "File:LSTM Cell.svg --- Wikimedia Commons{,} the free media repository",
year = "2021",
url = "\url{https://commons.wikimedia.org/w/index.php?title=File:LSTM_Cell.svg&oldid=597049205}",
note = "[Online; accessed 5-May-2022]"
}

@misc{nvidia_lstm,
  title = {Optimizing Recurrent Neural Networks in cuDNN 5},
  howpublished = {\url{https://developer.nvidia.com/blog/optimizing-recurrent-neural-networks-cudnn-5/}},
  note = {Accessed: 2021-04-12}
}
